@Book{Kittel:ISSP,
  author = 	 {Charles Kittel},
  title = 	 {{Introduction to Solid State Physics}},
  publisher = 	 {John Wiley \& Sons, Inc.},
  year = 	 1986,
  address = 	 {New York},
  edition = 	 {8th},
}

@book{kr√ºger2006current,
  title={Current-induced Domain-wall Dynamics in Ferromagnetic Nanowires},
  author={Kr{\"u}ger, B.},
  url={https://books.google.no/books?id=Cw\_AtgAACAAJ},
  year={2006}
}